@article{Hayes2008Cloud,
	title={Cloud computing},
	author={Hayes, Brian},
	journal={Communications of the Acm},
	volume={51},
	number={7},
	pages={9-11},
	year={2008},
}
@book{2015Docker,
	author =       {浙江大学SEL实验室},
	title =        {Docker: 容器与容器云},
	publisher =    {人民邮电出版社},
	year =         2015,
	language =     "chinese",
}

@article{CloudSummarize,
	title={Survey of Resource Scheduling in Cloud Computing},
	author={Lin Weiwei, Qi Deyu.},
	journal={Computer Science},
	volume={39},
	number={10},
	pages={1-6},
	year={2012},
}

@inproceedings{Quang2013A,
	author =       {Quang-Hung, Nguyen and Nien, Pham Dac and Nam, Nguyen Hoai and Tuong, Nguyen Huynh and Thoai, Nam},
	title =        {A Genetic Algorithm for Power-Aware Virtual Machine Allocation in Private Cloud},
	booktitle =    {Information and Communication Technology-EurAsia Conference},
	year =         2013,
	address =      {Heidelberg, German},
}

@article{Beloglazov2012,
	title={Energy-Aware Resource Alocation Heuristics for Eficient Management of Data Centers for Cloud Computing},
	author={Beloglazov A，Abawajy J，Buyya R.},
	journal={Future Generation Computer Systems},
	volume={28},
	number={5},
	pages={755-768},
	year={2012},
}

@inproceedings{BalanceCenter,
	author =       {Soni, Gulshan and Kalra, Mala},
	title =        {A novel approach for load balancing in cloud data center},
	booktitle =    {Advance Computing Conference},
	year =         2014,
	address =      {Piscataway},
}

@inproceedings{Kumar2015A,
	title={A PSO based VM resource scheduling model for cloud computing},
	author={Kumar, D. and Raza, Z.},
	booktitle={IEEE International Conference on Computational Intelligence},
	year={2015},
}

@article{Buyya2008Market,
	title={Market-Oriented Cloud Computing: Vision, Hype, and Reality for Delivering IT Services as Computing Utilities},
	author={Buyya, Rajkumar and Yeo, Chee Shin and Venugopal, Srikumar},
	journal={High Performance Computing },
	volume={11},
	number={4},
	pages={5-13},
	year={2008},
}

@article{Kozhirbayev2017A,
	title={A performance comparison of container-based technologies for the Cloud},
	author={Kozhirbayev, Zhanibek and Sinnott, Richard O.},
	journal={Future Generation Computer Systems},
	volume={68},
	pages={175-182},
	year={2017},
}

@online{Usman2016,
	author =      {Usman},
	title =       {Kubernetes, Mesos, and Swarm: Comparing the Rancher Orchestration Engine Options},
	citedate =    {2016-10-20},
	url =         {https://rancher.com/comparing-rancher-orchestration-engine-options/},
}

@inproceedings{Barik2017Performance,
	title={Performance analysis of virtual machines and containers in cloud computing},
	author={Barik, Rabindra K. and Lenka, Rakesh K. and Rao, K. Rahul and Ghose, Devam},
	booktitle={International Conference on Computing},
	year={2017},
}

@inproceedings{Felter2007An,
	title={An updated performance comparison of virtual machines and Linux containers},
	author={Felter, W and Ferreira, A and Rajamony, R and Rubio, J},
	booktitle={IEEE International Symposium on Performance Analysis of Systems and Software},
	year={2007},
}

@inproceedings{Lossent2017PaaS,
	title={PaaS for web applications with OpenShift Origin},
	author={Lossent, A. and Peon, A Rodriguez and Wagner, A.},
	booktitle={Journal of Physics Conference Series},
	pages={082037-},
	year={2017},
}

@book{2017Kubernetes,
	author =       {机械工业出版社},
	title =        {开源容器云OpenShift: 构建基于Kubernetes的企业应用云平台},
	publisher =    {人民邮电出版社},
	year =         2017,
	language =     "chinese",
}

@article{Peng2016Research,
	title={Research on processing strategy for CPU-intensive application ☆},
	author={Peng, Junjie and Dai, Yongchuan and Yi, Rao and Chen, Jinbao and Zhi, Xiaofei},
	journal={Journal of Systems Architecture},
	volume={70},
	number={C},
	pages={39-47},
	year={2016},
}

@article{Shuangke2017SchedulingStrategy,
	title={SchedulingStrategy of IO and Network Intensive Applications Based on the Priorityin Cloud Environment},
	author={Shuangke, M. A. and Zhou, Lanfeng},
	journal={Journal of University of Shanghai for Science and Technology},
	year={2017},
}

@online{thuthesis,
  author =      {薛瑞尼},
  title =       {\thuthesis: 清华大学学位论文模板},
  citedate =    {2017-12-02},
  url =         {https://github.com/xueruini/thuthesis},
  language =    "chinese",
  year =        2017,
}















